@book{Mitzenmacher:2005:PCR:1076315,
 author = {Mitzenmacher, Michael and Upfal, Eli},
 title = {Probability and Computing: Randomized Algorithms and Probabilistic Analysis},
 year = {2005},
 isbn = {0521835402},
 publisher = {Cambridge University Press},
 address = {New York, NY, USA},
}